@article{Ambiguity,
    author ="Zhen, Dong and Mingtao, Pei and Yunde, Jia",
    title =        "{Discriminative Orthonormal Dictionary Learning for Fast Low-Rank Representation}",
    journal = "In International Conference on Neural Information Processing,Springer International Publishing",
    volume =       "248",
    pages =        "79-89",
    year =         "2015",
}

@article{FCD,
 author ="Cichocki, Andrzej and P. H. A. N. Anh-Huy",
 title =        "{Fast local algorithms for
    large scale nonnegative matrix and tensor factorizations.}",
    journal = "IEICE transactions on fundamentals of electronics, communications and
    computer sciences",
    volume="92",
    number ="3",
    pages="708-721",
    year="2009",
}
@article{PGD,
 author ="C.-J. Lin",
 title =        "{Projected gradient methods for non-negative matrix factorization}",
journal = " Neural Computation",
volume="19",
pages="2756-2779",
year="2007",
}
@article{Hennequinproposition,
 author ="Hennequin, Romain and Badeau, Roland and David, Bertrand.",
 title ="{Time-dependent parametric and harmonic templates in non-negative matrix factorization}",
journal = "In Proc. of the 13th International Conference on Digital Audio Effects (DAFx)",
year="2010",
}
@article{ICACommon,
author ="P. Comon ",
title="{Independent component analysis, a new concept}",
journal = "Signal Process. Special Iss. Higher-Order Statist.",
volume="36",
pages="287–314",
year="1994",
}
@article{refSparseCoding,
author =" Abdallah, Samer and Plumbley, Mark",
title="{Unsupervised analysis of polyphonic
music by sparse coding}",
journal="IEEE Trans. Neural Netw.",
volume="17",
number="1",
pages="179–196",
year="2006 ",
}
@article{refNMF,
author ="Lee, Daniel and Sebastian Seung, H.  ",
title="{Learning the parts of objects by nonnegative
matrix factorization,}",
journal="Nature",
volume="401",
number="6755",
pages="788–791",
year="1999",
}
@article{refTensorbasedDictionary,
author ="Sara Soltani and Misha E. Kilmer and Per Christian Hansen",
title="{A tensor-based dictionary learning approach to tomographic image reconstruction}",
journal=" BIT Numerical Mathematics",
volume="56",
number="4",
pages="1425-1454",
year="2016",
}
@article{refDictionaryImagedenoising,
author ="Cichocki, Andrzej and Hyekyoung, Lee and Kim, Yong-Deok and Choi, Seungjin. ",
title="{Non-negative matrix factorization with $\alpha-$ divergence}",
journal="Pattern Recognition Letters",
volume="29",
number="9",
pages="1433-1440",
year="2008",
}
@article{refOvercomeCP,
author =" S. Kirbiz and B. Günsel",
title="{An adaptive time-frequency resolution framework for single channel source separation based on non-negative tensor factorization}",
journal="In Acoustics, Speech and Signal Processing (ICASSP),IEEE International Conference",
pages="905-909",
year="2013",
}
@article{OtherrefDictionaryImagedenoising,
author ="Florian Roemer and  Giovanni Del Galdo and Martin Haardt",
title="{Tensor-based algorithms for learning multidimensional separable dictionaries}",
journal="IEEE International Conference on Acoustics, Speech and Signal Processing (ICASSP) ",
pages="3963-3967",
year="2014",
}
@article{refContradictNNTensorDictionary,
author ="Anh Huy Phan and Andrzej Cichocki",
title="{Tensor decompositions for feature
extraction and classification of high
dimensional datasets}",
journal="IEICE Nonlinear Theory and its applications",
volume="1",
number="1",
pages="37-68",
year="2010",
}
@article{refRQA,
author ="Gerard Roma and Waldo Nogueira and Perfecto Herrera ",
title="{Recurrence quantification
analysis features for environmental sound recognition}",
journal="IEEE Workshop on Applications of Signal Processing to Audio
and Acoustics",
year="2013",
}
@article{refDNN,
author =" Yohan Petetin and Cyrille Laroche  and Aurélien Mayoue",
title="{DEEP NEURAL NETWORKS FOR AUDIO SCENE RECOGNITION}",
journal="23rd European Signal Processing Conference (EUSIPCO)",
year="2015",
}
@article{refTuckerChicochi,
author ="Andrzej Cichocki",
title="{Tensor Decompositions: A New Concept in Brain Data Analysis?}",
journal="Control Measurement, and System Integration (SICE)",
year="2013",
}
@article{ProblemNMF,
author ="Masahiro Nakano and Jonathan Le Roux and Hirokazu Kameoka and Yu Kitano and Nobutaka Ono and Shigeki Sagayama",
title="{Nonnegative Matrix Factorization with Markov-Chained Bases for Modeling Time-Varying Patterns in Music Spectrograms}",
journal="LVA/ICA:Latent Variable Analysis and Signal Separation",
pages="149-156",
year="2010",
}
@article{ExampleofSupervisedTucker,
author ="Fei Wu and Xu Tan and Yi Yang and Dacheng Tao and Siliang Tang and Yueting Zhuang",
title="{Supervised Nonnegative Tensor Factorization with Maximum-Margin Constraint}",
journal="AAAI",
year="2013",
}
@article{CPDictionary,
author =" Guifang Duan and Hongcui Wang and Zhenyu Liu  and Junping Deng and Yen-Wei Chen",
title="{K-CPD: Learning of overcomplete dictionaries for tensor sparse coding}",
journal="International Conference Pattern Recognition.",
}
@article{Deepproblem,
author ="Danai Triantafyllidou and Anastasios Tefas",
title="{A Fast Deep Convolutional Neural Network for Face Detection in Big Visual Data}",
journal="INNS Conference on Big Data ",
year="2016",
}
@article{Classinformation,
author ="A Rakotomamonjy ",
title="{Supervised Representation Learning for Audio Scene Classification }",
journal="Audio Scene Classification. 2016.
<hal-01354115>",
year="2016",
}

@article{scikitlearnLasso,
 title={Scikit-learn: Machine Learning in Python},
 author={Pedregosa, F. and Varoquaux, G. and Gramfort, A. and Michel, V. and Thirion, B. and Grisel, O. and Blondel, M. and Prettenhofer, P.and Weiss, R. and Dubourg, V. and Vanderplas, J. and Passos, A. and Cournapeau, D. and Brucher, M. and Perrot, M. and Duchesnay, E.},
 journal={Journal of Machine Learning Research},
 volume={12},
 pages={2825--2830},
 year={2011}
}










































































